<record><leader>00000cas a22000007a 4500</leader><controlfield tag="001">13802914</controlfield><controlfield tag="008">860630d19281928aluwr ne      0    0eng d</controlfield><datafield ind1=" " ind2=" " tag="010"><subfield code="a">sn 86050266 </subfield></datafield><datafield ind1=" " ind2=" " tag="040"><subfield code="a">AAR</subfield><subfield code="b">eng</subfield><subfield code="c">AAR</subfield><subfield code="d">CPN</subfield><subfield code="d">OCLCQ</subfield></datafield><datafield ind1=" " ind2=" " tag="042"><subfield code="a">msc</subfield></datafield><datafield ind1="0" ind2="4" tag="245"><subfield code="a">The Gadsden observer.</subfield></datafield><datafield ind1=" " ind2=" " tag="260"><subfield code="a">Gadsden, Ala. :</subfield><subfield code="b">[s.n.],</subfield><subfield code="c">1928.</subfield></datafield><datafield ind1=" " ind2=" " tag="300"><subfield code="a">v. ;</subfield><subfield code="c">61 cm.</subfield></datafield><datafield ind1=" " ind2=" " tag="310"><subfield code="a">Weekly</subfield></datafield><datafield ind1="0" ind2=" " tag="362"><subfield code="a">Vol. 1, no. 1 (Jan. 12, 1928)-v. 1, no. 22 (June 7, 1928).</subfield></datafield><datafield ind1=" " ind2=" " tag="752"><subfield code="a">United States</subfield><subfield code="b">Alabama</subfield><subfield code="c">Etowah</subfield><subfield code="d">Gadsden.</subfield></datafield><datafield ind1="0" ind2="0" tag="785"><subfield code="t">Etowah observer</subfield><subfield code="w">(DLC)sn 86050267</subfield></datafield></record>